%% This BibTeX bibliography file was created using BibDesk.
%% http://bibdesk.sourceforge.net/


%% Created for Mak at 2011-07-01 23:12:31 +0200 


%% Saved with string encoding Unicode (UTF-8) 



@electronic{mm2009,
  author        = {Mustermann, Max},
  date-added    = {2010-03-21 22:17:12 +0100},
  date-modified = {2011-07-01 23:11:24 +0200},
  language      = {de},
  month         = {11},
  timestamp     = {2009.12.29},
  title         = {Ein Beispielbuch},
  url           = {http://www.example.com},
  year          = {2009},
  bdsk-url-1    = {http://www.example.com}
}

@electronic{mf2005,
  author        = {Musterfrau, Maxi},
  date-modified = {2011-07-01 23:12:20 +0200},
  language      = {en},
  month         = {08},
  timestamp     = {2009.12.29},
  title         = {Ein weiteres Beispielbuch},
  url           = {http://www.example.com},
  year          = {2005},
  bdsk-url-1    = {http://www.example.com}
}

@book{dehler-2013,
  author = {Dehler, Elmar},
  title  = {{Fachkunde f√ºr Fachinformatiker und Informatikkaufleute}},
  month  = {1},
  year   = {2013}
}

@Comment{jabref-meta: databaseType:biblatex;}
